% Encoding: UTF-8

@Article{Bertin2000,
  author        = {Bertin, RJV and Isra{\"e}l, I and Lappe, M},
  title         = {Perception of two-dimensional, simulated ego-motion trajectories from optic flow},
  journal       = {Vision Research},
  year          = {2000},
  volume        = {40},
  number        = {21},
  pages         = {2951--2971},
  __markedentry = {[Admin:6]},
  publisher     = {Elsevier},
  review        = {Provides some early information regarding curvature gain.},
}

@InProceedings{Jerald2008,
  author        = {Jerald, Jason and Peck, Tabitha and Steinicke, Frank and Whitton, Mary},
  title         = {Sensitivity to scene motion for phases of head yaws},
  booktitle     = {Proceedings of the 5th symposium on Applied perception in graphics and visualization},
  year          = {2008},
  pages         = {155--162},
  organization  = {ACM},
  __markedentry = {[Admin:6]},
}

% ================ Simulation sickness =====================================

@Article{Kennedy1993,
  author        = {Kennedy, Robert S and Lane, Norman E and Berbaum, Kevin S and Lilienthal, Michael G},
  title         = {Simulator sickness questionnaire: An enhanced method for quantifying simulator sickness},
  journal       = {The international journal of aviation psychology},
  year          = {1993},
  volume        = {3},
  number        = {3},
  pages         = {203--220},
  __markedentry = {[Admin:6]},
  publisher     = {Taylor \& Francis},
}

@Book{Gescheider2013,
  title         = {Psychophysics: the fundamentals},
  publisher     = {Psychology Press},
  year          = {2013},
  author        = {Gescheider, George A},
  __markedentry = {[Admin:6]},
}

@Book{Dohse2007,
  title         = {Effects of field of view and stereo graphics on memory in immersive command and control},
  publisher     = {Iowa State University},
  year          = {2007},
  author        = {Dohse, KC Kurt Chris},
  __markedentry = {[Admin:6]},
}

% ======================================= Internett ====================================

@Online{Rama2017,
  author        = {Rama},
  title         = {Victory plugin Github page},
  year          = {2017},
  note          = {Accessed 24. October 2017},
  __markedentry = {[Admin:6]},
  url           = {https://github.com/EverNewJoy/VictoryPlugin},
}

@Online{Games2017,
  author        = {Epic Games},
  title         = {Infinity Blade: Grass Lands},
  year          = {2017},
  note          = {Accessed 24. October 2017},
  __markedentry = {[Admin:6]},
  url           = {https://www.unrealengine.com/marketplace/infinity-blade-plain-lands},
}

@Online{Institute2017,
  author        = {International GeoGebra Institute},
  title         = {Geogebra homepage},
  year          = {2017},
  note          = {Accessed 11. November 2017},
  __markedentry = {[Admin:6]},
  url           = {https://www.geogebra.org/home},
}

@Online{Games2017a,
  author        = {Epic Games},
  title         = {Unreal engine homepage},
  year          = {2017},
  note          = {Accessed 22. November 2017},
  __markedentry = {[Admin:6]},
  url           = {https://www.unrealengine.com/en-US/what-is-unreal-engine-4},
}

@Online{Games2017b,
  author        = {Epic Games},
  title         = {Unreal Engine 4: Virtual Reality Best Practices},
  year          = {2017},
  note          = {Accessed 22. November 2017},
  __markedentry = {[Admin:6]},
  url           = {https://docs.unrealengine.com/latest/INT/Platforms/VR/ContentSetup/},
}

@Comment{jabref-meta: databaseType:bibtex;}

@Comment{jabref-meta: grouping:
0 AllEntriesGroup:;
1 StaticGroup:Vr Locomotion\;0\;1\;0xffff00ff\;\;Sources of infromation regarding vr locomotion\;;
1 StaticGroup:Redirected Walking\;0\;1\;0x800080ff\;\;Sources for redirected walking technology and methods\;;
1 StaticGroup:Threshold\;0\;1\;0x008000ff\;\;Sources that contain information regarding a redirected walking threshold\;;
}
