% Encoding: UTF-8

@Article{Langbehn2017,
  author        = {Langbehn, Eike and Lubos, Paul and Bruder, Gerd and Steinicke, Frank},
  title         = {Bending the curve: Sensitivity to bending of curved paths and application in room-scale vr},
  journal       = {IEEE transactions on visualization and computer graphics},
  year          = {2017},
  volume        = {23},
  number        = {4},
  pages         = {1389--1398},
  __markedentry = {[Admin:6]},
  groups        = {Redirected Walking},
  publisher     = {IEEE},
}

@Article{Zmuda2013,
  author        = {Zmuda, Michael A and Wonser, Joshua L and Bachmann, Eric R and Hodgson, Eric},
  title         = {Optimizing constrained-environment redirected walking instructions using search techniques},
  journal       = {IEEE transactions on visualization and computer graphics},
  year          = {2013},
  volume        = {19},
  number        = {11},
  pages         = {1872--1884},
  __markedentry = {[Admin:6]},
  groups        = {Redirected Walking},
  publisher     = {IEEE},
}

@Book{Razzaque2005,
  title         = {Redirected walking},
  publisher     = {University of North Carolina at Chapel Hill},
  year          = {2005},
  author        = {Razzaque, Sharif},
  __markedentry = {[Admin:6]},
}

@Article{hodgson2013comparing,
  author    = {Hodgson, Eric and Bachmann, Eric},
  title     = {Comparing four approaches to generalized redirected walking: Simulation and live user data},
  journal   = {IEEE transactions on visualization and computer graphics},
  year      = {2013},
  volume    = {19},
  number    = {4},
  pages     = {634--643},
  publisher = {IEEE},
  review    = {Mentions the whole thresholds decide the amount an algorith can adjust.},
}

@InProceedings{Azmandian2016,
  author        = {Azmandian, Mahdi and Grechkin, Timofey and Bolas, Mark and Suma, Evan},
  title         = {The redirected walking toolkit: a unified development platform for exploring large virtual environments},
  booktitle     = {Everyday Virtual Reality (WEVR), 2016 IEEE 2nd Workshop on},
  year          = {2016},
  pages         = {9--14},
  organization  = {IEEE},
  __markedentry = {[Admin:6]},
}

@InProceedings{Nescher2014,
  author        = {Nescher, Thomas and Huang, Ying-Yin and Kunz, Andreas},
  title         = {Planning redirection techniques for optimal free walking experience using model predictive control},
  booktitle     = {3D User Interfaces (3DUI), 2014 IEEE Symposium on},
  year          = {2014},
  pages         = {111--118},
  organization  = {IEEE},
  __markedentry = {[Admin:6]},
}

@InProceedings{Williams2007,
  author        = {Williams, Betsy and Narasimham, Gayathri and Rump, Bjoern and McNamara, Timothy P and Carr, Thomas H and Rieser, John and Bodenheimer, Bobby},
  title         = {Exploring large virtual environments with an HMD when physical space is limited},
  booktitle     = {Proceedings of the 4th symposium on Applied perception in graphics and visualization},
  year          = {2007},
  pages         = {41--48},
  organization  = {ACM},
  __markedentry = {[Admin:6]},
}

@Comment{jabref-meta: databaseType:bibtex;}
