% Encoding: UTF-8

@Article{Peck2012,
  author        = {Peck, Tabitha C and Fuchs, Henry and Whitton, Mary C},
  title         = {The design and evaluation of a large-scale real-walking locomotion interface},
  journal       = {IEEE transactions on visualization and computer graphics},
  year          = {2012},
  volume        = {18},
  number        = {7},
  pages         = {1053--1067},
  __markedentry = {[Admin:6]},
  groups        = {Vr Locomotion},
  publisher     = {IEEE},
}

@Article{Ruddle2009,
  author        = {Ruddle, Roy A and Lessels, Simon},
  title         = {The benefits of using a walking interface to navigate virtual environments},
  journal       = {ACM Transactions on Computer-Human Interaction (TOCHI)},
  year          = {2009},
  volume        = {16},
  number        = {1},
  pages         = {5},
  __markedentry = {[Admin:6]},
  groups        = {Vr Locomotion},
  publisher     = {ACM},
}

@Article{Hollerbach2002,
  author        = {Hollerbach, John M},
  title         = {Locomotion interfaces},
  journal       = {Handbook of virtual environments: Design, implementation, and applications},
  year          = {2002},
  pages         = {239--254},
  __markedentry = {[Admin:6]},
  groups        = {Vr Locomotion},
  publisher     = {Mahwah, NJ: Lawrence Erlbaum Asso},
}

@InProceedings{Usoh1999,
  author        = {Usoh, Martin and Arthur, Kevin and Whitton, Mary C and Bastos, Rui and Steed, Anthony and Slater, Mel and Brooks Jr, Frederick P},
  title         = {Walking> walking-in-place> flying, in virtual environments},
  booktitle     = {Proceedings of the 26th annual conference on Computer graphics and interactive techniques},
  year          = {1999},
  pages         = {359--364},
  organization  = {ACM Press/Addison-Wesley Publishing Co.},
  __markedentry = {[Admin:6]},
}

@InProceedings{Pausch1995,
  author        = {Pausch, Randy and Burnette, Tommy and Brockway, Dan and Weiblen, Michael E},
  title         = {Navigation and locomotion in virtual worlds via flight into hand-held miniatures},
  booktitle     = {Proceedings of the 22nd annual conference on Computer graphics and interactive techniques},
  year          = {1995},
  pages         = {399--400},
  organization  = {ACM},
  __markedentry = {[Admin:6]},
}

@InProceedings{Stoakley1995,
  author        = {Stoakley, Richard and Conway, Matthew J and Pausch, Randy},
  title         = {Virtual reality on a WIM: interactive worlds in miniature},
  booktitle     = {Proceedings of the SIGCHI conference on Human factors in computing systems},
  year          = {1995},
  pages         = {265--272},
  organization  = {ACM Press/Addison-Wesley Publishing Co.},
  __markedentry = {[Admin:6]},
}

@InProceedings{Interrante2007,
  author        = {Interrante, Victoria and Ries, Brian and Anderson, Lee},
  title         = {Seven league boots: A new metaphor for augmented locomotion through moderately large scale immersive virtual environments},
  booktitle     = {3D User Interfaces, 2007. 3DUI'07. IEEE Symposium on},
  year          = {2007},
  organization  = {IEEE},
  __markedentry = {[Admin:6]},
}

@InProceedings{Nabiyouni2015,
  author        = {Nabiyouni, Mahdi and Saktheeswaran, Ayshwarya and Bowman, Doug A and Karanth, Ambika},
  title         = {Comparing the performance of natural, semi-natural, and non-natural locomotion techniques in virtual reality},
  booktitle     = {3D User Interfaces (3DUI), 2015 IEEE Symposium on},
  year          = {2015},
  pages         = {3--10},
  organization  = {IEEE},
  __markedentry = {[Admin:6]},
}

@InProceedings{Frommel2017,
  author        = {Frommel, Julian and Sonntag, Sven and Weber, Michael},
  title         = {Effects of controller-based locomotion on player experience in a virtual reality exploration game},
  booktitle     = {Proceedings of the 12th International Conference on the Foundations of Digital Games},
  year          = {2017},
  pages         = {30},
  organization  = {ACM},
  __markedentry = {[Admin:6]},
}

@Comment{jabref-meta: databaseType:bibtex;}
